@article{VChow,
  title={Open channel flow},
  author={Chow, Ven Te},
  journal={London: McGRAW-HILL},
  volume={11},
  number={95},
  pages={99--136},
  year={1959}
}

@book{Chau,
  title={Open-channel flow},
  author={Chaudhry, M Hanif and others},
  volume={523},
  year={2008},
  publisher={Springer}
}
